<?xml version="1.0" encoding="UTF-8"?><collection xmlns="http://www.loc.gov/MARC21/slim"><record><leader>00570nam--2200133-i-4500</leader><controlfield tag="001">000034852</controlfield><controlfield tag="002">20161230</controlfield><controlfield tag="005">20161230201040</controlfield><controlfield tag="008">060222s1000------------r-----000-0-eng-d</controlfield><datafield ind1=" " ind2=" " tag="080"><subfield code="a">614.898</subfield></datafield><datafield ind1=" " ind2=" " tag="245"><subfield code="a">Normes de protection contre les radiations relatives aux montres et horloges radioluminescentes. recommandations elaborees par un group d`experts mixte de l`agence europeenne pour l`energie nucleaire et de l`agence internationale de l`energie atomique</subfield></datafield><datafield ind1=" " ind2=" " tag="260"><subfield code="a">Vienne, Agence Intern.De L`Energie Atomique, 1968, 42p</subfield></datafield><datafield ind1=" " ind2=" " tag="490"><subfield code="a">Collection Securite</subfield></datafield><datafield ind1=" " ind2=" " tag="852"><subfield code="a">11497</subfield></datafield></record></collection>